@article{exemplodereferencia,
    title = {Titulo do artigo},
    journal = {Revista Brasileira de FÃ­sica},
    volume = {1},
    number = {1},
    pages = {1-13},
    year = {2021},
    issn = {2763-9681},
    doi = {https://doi.org/10.5281/},
    url = {https://revistabrasileiradefisica.com/},
    author = {Sobrenome, Nome do Autor}
}